@Article{FosgBier07, 
author = {Mogens Fosgerau and Michel Bierlaire }, 
title = {A practical test for the choice of mixing distribution in discrete choice models}, 
journal = {Transportation Research Part B: Methodological}, 
volume = {41}, 
number = {7}, 
pages = {784-794}, 
doi = {10.1016/j.trb.2007.01.002}, 
year = {2007} 
} 